@book{sirinelli,
  title={Dictionnaire de l'historien},
  author={Sirinelli, Jean-Fran{\c{c}}ois and Gauvard, Claude},
  year={2015},
  publisher={Presses Universitaires de France}
}

@article{einstein,
    author =       "Albert Einstein",
    title =        "{Zur Elektrodynamik bewegter K{\"o}rper}. ({German})
    [{On} the electrodynamics of moving bodies]",
    journal =      "Annalen der Physik",
    volume =       "322",
    number =       "10",
    pages =        "891--921",
    year =         "1905",
    DOI =          "http://dx.doi.org/10.1002/andp.19053221004",
    keywords =     "physics"
}

@book{dirac,
    title={The Principles of Quantum Mechanics},
    author={Paul Adrien Maurice Dirac},
    isbn={9780198520115},
    series={International series of monographs on physics},
    year={1981},
    publisher={Clarendon Press},
    keywords = {physics}
}

@online{knuthwebsite,
    author    = "Donald Knuth",
    title     = "Knuth",
    subtitle  = "Computers and Typesetting",
    url       = "http://horaire.uclouvain.be/direct/index.jsp?projectId=9&displayConfName=webEtudiant&showTree=false&showOptions=false&login=etudiant&password=student&code=LFIAL1423%2CLFIAL1424%2CLHIST1210%2CLHIST1211%2CLHIST1243%2CLHIST1244%2CLALLE1212%2CLFIAL1422",
    keywords  = "latex,knuth"
}

@inbook{knuth-fa,
    author = "Donald E. Knuth",
    title = "Fundamental Algorithms",
    publisher = "Addison-Wesley",
    year = "1973",
    chapter = "1.2",
    keywords  = "knuth,programming"
}
